[gd_scene load_steps=2 format=2]

[ext_resource path="res://src/CharacterSetup.gd" type="Script" id=1]

[node name="CharacterSetup" type="Control"]
anchor_right = 1.0
anchor_bottom = 1.0
margin_left = 5.0
margin_top = 5.0
script = ExtResource( 1 )
__meta__ = {
"_edit_use_anchors_": false
}

[node name="DoubleGrid" type="GridContainer" parent="."]
margin_right = 1024.0
margin_bottom = 110.0
columns = 2
__meta__ = {
"_edit_use_anchors_": false
}

[node name="LeftVBox" type="VBoxContainer" parent="DoubleGrid"]
margin_right = 84.0
margin_bottom = 171.0

[node name="PirateName" type="Label" parent="DoubleGrid/LeftVBox"]
margin_right = 84.0
margin_bottom = 31.0
text = "Name
"

[node name="Gender" type="Label" parent="DoubleGrid/LeftVBox"]
margin_top = 35.0
margin_right = 84.0
margin_bottom = 66.0
text = "Gender
"

[node name="Faction" type="Label" parent="DoubleGrid/LeftVBox"]
margin_top = 70.0
margin_right = 84.0
margin_bottom = 101.0
text = "Faction
"

[node name="Vessel" type="Label" parent="DoubleGrid/LeftVBox"]
margin_top = 105.0
margin_right = 84.0
margin_bottom = 136.0
text = "Vessel
"

[node name="VesselName" type="Label" parent="DoubleGrid/LeftVBox"]
margin_top = 140.0
margin_right = 84.0
margin_bottom = 171.0
text = "Vessel Name
"

[node name="RightVBox" type="VBoxContainer" parent="DoubleGrid"]
margin_left = 88.0
margin_right = 159.0
margin_bottom = 171.0

[node name="PirateNameInput" type="LineEdit" parent="DoubleGrid/RightVBox"]
margin_right = 71.0
margin_bottom = 24.0

[node name="GenderChoice" type="OptionButton" parent="DoubleGrid/RightVBox"]
margin_top = 28.0
margin_right = 71.0
margin_bottom = 48.0
text = "Male"

[node name="FactionChoice" type="OptionButton" parent="DoubleGrid/RightVBox"]
margin_top = 52.0
margin_right = 71.0
margin_bottom = 72.0
text = "British"

[node name="VesselChoice" type="OptionButton" parent="DoubleGrid/RightVBox"]
margin_top = 76.0
margin_right = 71.0
margin_bottom = 96.0
text = "Sloop"

[node name="VesselNameInput" type="LineEdit" parent="DoubleGrid/RightVBox"]
margin_top = 100.0
margin_right = 71.0
margin_bottom = 124.0

[node name="Continue" type="Button" parent="."]
margin_left = 56.3898
margin_top = 203.003
margin_right = 153.39
margin_bottom = 227.003
text = "Continue"
